<record><leader>00000cas a2200000 a 4500</leader><controlfield tag="001">14121206</controlfield><controlfield tag="008">860821u1971uuuunyuwr n       0    0eng c</controlfield><datafield ind1=" " ind2=" " tag="010"><subfield code="a">sn 86032496 </subfield></datafield><datafield ind1=" " ind2=" " tag="040"><subfield code="a">NYG</subfield><subfield code="b">eng</subfield><subfield code="c">NYG</subfield><subfield code="d">NYS</subfield><subfield code="d">OCLCQ</subfield><subfield code="d">OCLCF</subfield><subfield code="d">OCLCO</subfield></datafield><datafield ind1="1" ind2=" " tag="029"><subfield code="a">AU@</subfield><subfield code="b">000020435114</subfield></datafield><datafield ind1=" " ind2=" " tag="042"><subfield code="a">pcc</subfield></datafield><datafield ind1=" " ind2=" " tag="043"><subfield code="a">n-us-ny</subfield></datafield><datafield ind1="0" ind2=" " tag="130"><subfield code="a">Dundee observer (Dundee, N.Y. : 1971)</subfield></datafield><datafield ind1="1" ind2="0" tag="245"><subfield code="a">Dundee observer.</subfield></datafield><datafield ind1=" " ind2=" " tag="260"><subfield code="a">Dundee, N.Y. :</subfield><subfield code="b">Observer Co.</subfield></datafield><datafield ind1=" " ind2=" " tag="300"><subfield code="a">v. :</subfield><subfield code="b">ill.</subfield></datafield><datafield ind1=" " ind2=" " tag="310"><subfield code="a">Weekly</subfield></datafield><datafield ind1="1" ind2=" " tag="362"><subfield code="a">Began with Feb. 4, 1971.</subfield></datafield><datafield ind1=" " ind2=" " tag="500"><subfield code="a">Publishers: Observer Co., &lt;1971&gt;; Herzing Print. &amp; Pub., Inc., &lt;1989&gt;.</subfield></datafield><datafield ind1=" " ind2=" " tag="588"><subfield code="a">Description based on: Feb. 25, 1971.</subfield></datafield><datafield ind1=" " ind2=" " tag="588"><subfield code="a">Latest issue consulted: Vol. 111, no. 14 (Oct. 12, 1989).</subfield></datafield><datafield ind1=" " ind2="0" tag="651"><subfield code="a">Dundee (N.Y.)</subfield><subfield code="v">Newspapers.</subfield></datafield><datafield ind1=" " ind2="0" tag="651"><subfield code="a">Yates County (N.Y.)</subfield><subfield code="v">Newspapers.</subfield></datafield><datafield ind1=" " ind2="7" tag="655"><subfield code="a">Newspapers.</subfield><subfield code="2">fast</subfield><subfield code="0">(OCoLC)fst01423814</subfield></datafield><datafield ind1=" " ind2="7" tag="651"><subfield code="a">New York (State)</subfield><subfield code="z">Dundee.</subfield><subfield code="2">fast</subfield><subfield code="0">(OCoLC)fst01248047</subfield></datafield><datafield ind1=" " ind2="7" tag="651"><subfield code="a">New York (State)</subfield><subfield code="z">Yates County.</subfield><subfield code="2">fast</subfield><subfield code="0">(OCoLC)fst01209739</subfield></datafield><datafield ind1=" " ind2=" " tag="752"><subfield code="a">United States</subfield><subfield code="b">New York</subfield><subfield code="c">Yates</subfield><subfield code="d">Dundee.</subfield></datafield><datafield ind1="0" ind2="0" tag="780"><subfield code="t">Viewpoint Finger Lakes</subfield><subfield code="w">(DLC)sn 84031338</subfield><subfield code="w">(OCoLC)11065475</subfield></datafield><datafield ind1="0" ind2="0" tag="785"><subfield code="t">Observer (Dundee, N.Y.)</subfield><subfield code="w">(DLC)sn 00063146</subfield><subfield code="w">(OCoLC)44260578</subfield></datafield></record>